@article{DBLP:journals/pacmpl/WeiBTR20,
  author    = {\textbf{[OOPSLA 20]}\ Guannan Wei and
               Oliver Bracevac and
               \textbf{Shangyin Tan} and
               Tiark Rompf},
  title     = {Compiling symbolic execution with staging and algebraic effects},
  journal   = {Proc. {ACM} Program. Lang.},
  volume    = {4},
  number    = {{OOPSLA}},
  pages     = {164:1--164:33},
  year      = {2020}
}

@inproceedings{DBLP:conf/sigsoft/0001TBR21,
  author    = {\textbf{[ESEC/FSE 21]}\ Guannan Wei and
               \textbf{Shangyin Tan} and
               Oliver Bracevac and
               Tiark Rompf},
  title     = {{LLSC:} a parallel symbolic execution compiler for {LLVM} {IR}},
  booktitle = {{ESEC/SIGSOFT} {FSE}},
  pages     = {1495--1499},
  publisher = {{ACM}},
  year      = {2021}
}

@inproceedings{pepm2022,
  author    = {\textbf{[PEPM 22]\ Shangyin Tan} and
               Guannan Wei and
               Tiark Rompf},
  title     = {Towards Partially Evaluating Symbolic Interpreters for All (Short Paper)},
  booktitle = {PEPM at POPL},
  publisher = {{ACM}},
  year      = {2022}
}

@inproceedings{us22,
  author    = {\textbf{[USENIX Security 22]\ Shangyin Tan} and
               Guannan Wei and
               Tiark Rompf},
  title     = {The Essence of Compiling Symbolic Execution},
  booktitle = {{USENIX} Security Symposium},
  publisher = {{USENIX} Association},
  year      = {2022}
}

@inproceedings{fse22,
  author    = {\textbf{[ESEC/FSE 22]}\ Guannan Wei and
                Songlin Jia and
                Haotian Deng and
                Ruiqi Gao and
               \textbf{Shangyin Tan} and
               Tiark Rompf},
  title     = {Code Generators for Symbolic Execution},
  booktitle = {{ESEC/SIGSOFT} {FSE}},
  publisher = {{ACM}},
  year      = {2022}
}

@inproceedings{UIST22,
  author    = {\textbf{[UIST 22]}\ Zhanhui Zhou and
                Man To Tang and
                Qiping Pan and
               \textbf{Shangyin Tan} and
               Xinyu Wang and
               Tianyi Zhang},
  title     = {{INTENT:} Interactive Tensor Transformation Synthesis},
  booktitle = {{UIST}},
  pages     = {89:1--89:16},
  publisher = {{ACM}},
  year      = {2022}
}

@inproceedings{ICSE23,
  author    = {\textbf{[ICSE 23]}\ Guannan Wei and
                Songlin Jia and
                Ruiqi Gao and
                Haotian Deng and
               \textbf{Shangyin Tan} and
               Oliver Bra\v{c}evac and
               Tiark Rompf},
  title     = {Compiling Parallel Symbolic Execution with Continuations},
  booktitle = {ICSE},
  publisher = {{IEEE/ACM}},
  year      = {2022}
}

@misc{dspyassertions2024,
      title={DSPy Assertions: Computational Constraints for Self-Refining Language Model Pipelines}, 
      author={Arnav Singhvi* and Manish Shetty* and \textbf{Shangyin Tan*} and Christopher Potts and Koushik Sen and Matei Zaharia and Omar Khattab},
      year={2024},
      eprint={2312.13382},
      archivePrefix={arXiv},
      primaryClass={cs.CL},
      url={https://arxiv.org/abs/2312.13382}, 
}

@misc{choix2024,
      title={Choix: Choice-based Learning in Jax}, 
      author={\textbf{Shangyin Tan*} and Dan Zheng and Gordon Plotkin and Ningning Xie},
      year={2024},
}


@misc{langprobe2025,
  title={LangProBe: Evaluating Compound AI Symtems with Language Programs},
  author={\textbf{Shangyin Tan*} and Lakshya A Agrawal*},
  year={2025},
}

@inproceedings{ISSTA23,
  author    = {\textbf{[ISSTA 23]}\ Chaofan Shou and
               \textbf{Shangyin Tan} and
               Koushik Sen},
  title     = {ItyFuzz: Snapshot-Based Fuzzer for On-Chain Smart Contract Auditing},
  booktitle = {ISSTA},
  publisher = {{ACM}},
  year      = {2023}
}

